<record><leader>00000cas a2200000 i 4500</leader><controlfield tag="001">875922690</controlfield><controlfield tag="006">m     o  d        </controlfield><controlfield tag="007">cr |||||||||||</controlfield><controlfield tag="008">140407d193419uuncuwr neo     0    0eng c</controlfield><datafield ind1=" " ind2=" " tag="010"><subfield code="a">  2014236872</subfield></datafield><datafield ind1=" " ind2=" " tag="040"><subfield code="a">NOC</subfield><subfield code="b">eng</subfield><subfield code="e">rda</subfield><subfield code="e">pn</subfield><subfield code="c">NOC</subfield><subfield code="d">OCLCF</subfield></datafield><datafield ind1=" " ind2=" " tag="042"><subfield code="a">pcc</subfield></datafield><datafield ind1=" " ind2=" " tag="043"><subfield code="a">n-us-nc</subfield></datafield><datafield ind1="0" ind2="4" tag="245"><subfield code="a">The Rocky Mount herald.</subfield></datafield><datafield ind1=" " ind2="1" tag="264"><subfield code="a">Rocky Mount, North Carolina :</subfield><subfield code="b">Rocky Mount Herald Publishing Company</subfield></datafield><datafield ind1=" " ind2=" " tag="300"><subfield code="a">1 online resource :</subfield><subfield code="b">illustrations</subfield></datafield><datafield ind1=" " ind2=" " tag="310"><subfield code="a">Weekly</subfield></datafield><datafield ind1=" " ind2=" " tag="336"><subfield code="a">text</subfield><subfield code="b">txt</subfield><subfield code="2">rdacontent</subfield></datafield><datafield ind1=" " ind2=" " tag="337"><subfield code="a">computer</subfield><subfield code="b">c</subfield><subfield code="2">rdamedia</subfield></datafield><datafield ind1=" " ind2=" " tag="338"><subfield code="a">online resource</subfield><subfield code="b">cr</subfield><subfield code="2">rdacarrier</subfield></datafield><datafield ind1="1" ind2=" " tag="362"><subfield code="a">Began in 1934.</subfield></datafield><datafield ind1=" " ind2=" " tag="588"><subfield code="a">Description based on: Volume 1, no. 2 (January 26, 1934); title from caption.</subfield></datafield><datafield ind1=" " ind2=" " tag="588"><subfield code="a">Latest issue consulted: Volume 28, number 51 (December 23, 1938).</subfield></datafield><datafield ind1=" " ind2="0" tag="651"><subfield code="a">Rocky Mount (N.C.)</subfield><subfield code="v">Newspapers.</subfield></datafield><datafield ind1=" " ind2="0" tag="651"><subfield code="a">Edgecombe County (N.C.)</subfield><subfield code="v">Newspapers.</subfield></datafield><datafield ind1=" " ind2="0" tag="651"><subfield code="a">Nash County (N.C.)</subfield><subfield code="v">Newspapers.</subfield></datafield><datafield ind1=" " ind2="0" tag="651"><subfield code="a">North Carolina</subfield><subfield code="v">Newspapers.</subfield></datafield><datafield ind1=" " ind2="7" tag="655"><subfield code="a">Newspapers.</subfield><subfield code="2">fast</subfield><subfield code="0">(OCoLC)fst01423814</subfield></datafield><datafield ind1=" " ind2="7" tag="651"><subfield code="a">North Carolina.</subfield><subfield code="2">fast</subfield><subfield code="0">(OCoLC)fst01204304</subfield></datafield><datafield ind1=" " ind2="7" tag="651"><subfield code="a">North Carolina</subfield><subfield code="z">Edgecombe County.</subfield><subfield code="2">fast</subfield><subfield code="0">(OCoLC)fst01206610</subfield></datafield><datafield ind1=" " ind2="7" tag="651"><subfield code="a">North Carolina</subfield><subfield code="z">Nash County.</subfield><subfield code="2">fast</subfield><subfield code="0">(OCoLC)fst01206565</subfield></datafield><datafield ind1=" " ind2="7" tag="651"><subfield code="a">North Carolina</subfield><subfield code="z">Rocky Mount.</subfield><subfield code="2">fast</subfield><subfield code="0">(OCoLC)fst01205885</subfield></datafield><datafield ind1=" " ind2=" " tag="752"><subfield code="a">United States</subfield><subfield code="b">North Carolina</subfield><subfield code="c">Edgecombe</subfield><subfield code="d">Rocky Mount.</subfield></datafield><datafield ind1=" " ind2=" " tag="752"><subfield code="a">United States</subfield><subfield code="b">North Carolina</subfield><subfield code="c">Nash</subfield><subfield code="d">Rocky Mount.</subfield></datafield><datafield ind1="0" ind2=" " tag="776"><subfield code="c">Microfilm</subfield><subfield code="w">(OCoLC)122935704</subfield></datafield><datafield ind1="4" ind2="0" tag="856"><subfield code="u">http://www.digitalnc.org/newspapers/the-rocky-mount-herald-rocky-mount-n-c/</subfield></datafield></record>